<?xml version="1.0" encoding="UTF-8" ?><marc:collection xmlns:marc="http://www.loc.gov/MARC21/slim" xmlns:xsi="http://www.w3.org/2001/XMLSchema-instance" xsi:schemaLocation="http://www.loc.gov/MARC21/slim http://www.loc.gov/standards/marcxml/schema/MARC21slim.xsd">
<marc:record><marc:leader>05042nam a2200457 a 4500</marc:leader>
<marc:controlfield tag="001">6303</marc:controlfield>
<marc:controlfield tag="003">aeadna</marc:controlfield><marc:controlfield tag="005">20100502082500.0</marc:controlfield><marc:controlfield tag="008">961231s1938||||ua     f     a00  0dara d</marc:controlfield><marc:datafield tag="035" ind1=" " ind2=" "><marc:subfield code="a">(Sirsi) 6303</marc:subfield></marc:datafield><marc:datafield tag="040" ind1=" " ind2=" "><marc:subfield code="a">nal</marc:subfield><marc:subfield code="b">ara</marc:subfield><marc:subfield code="e">AACR2</marc:subfield></marc:datafield><marc:datafield tag="041" ind1="0" ind2=" "><marc:subfield code="a">ara</marc:subfield></marc:datafield><marc:datafield tag="043" ind1=" " ind2=" "><marc:subfield code="a">ma---</marc:subfield></marc:datafield><marc:datafield tag="050" ind1=" " ind2="4"><marc:subfield code="a">D17</marc:subfield><marc:subfield code="b">.M3 1938</marc:subfield></marc:datafield><marc:datafield tag="066" ind1=" " ind2=" "><marc:subfield code="c">(3</marc:subfield></marc:datafield><marc:datafield tag="082" ind1="1" ind2="0"><marc:subfield code="a">930.09</marc:subfield><marc:subfield code="b">21</marc:subfield></marc:datafield><marc:datafield tag="100" ind1="1" ind2=" "><marc:subfield code="a">المسعودي، أبو الحسن علي بن الحسين بن علي،</marc:subfield><marc:subfield code="d">ت. 956؟</marc:subfield></marc:datafield><marc:datafield tag="110" ind1="1" ind2=" "><marc:subfield code="a"></marc:subfield></marc:datafield><marc:datafield tag="245" ind1="1" ind2="0"><marc:subfield code="a">مروج الذهب ومعادن الجوهر /</marc:subfield><marc:subfield code="c">تصنيف أبي الحسن علي بن الحسين بن علي المسعودي؛ راجع أصوله ، ورقمه، وضبط مبهمه، وعلق عليه:  محمد محي الدين عبدالحميد.</marc:subfield></marc:datafield><marc:datafield tag="260" ind1=" " ind2=" "><marc:subfield code="a">[القاهرة] :</marc:subfield><marc:subfield code="b">دار الرجاء للطبع والنشر؛</marc:subfield><marc:subfield code="a">بغداد:</marc:subfield><marc:subfield code="b">المكتبةالعصرية،</marc:subfield><marc:subfield code="c">[مقدمة الجزء الأول، 1357هـ=1938م].</marc:subfield></marc:datafield><marc:datafield tag="300" ind1=" " ind2=" "><marc:subfield code="a">4 ج. ؛</marc:subfield><marc:subfield code="c">24 سم.</marc:subfield></marc:datafield><marc:datafield tag="490" ind1=" " ind2=" "><marc:subfield code="a">المكتبة التاريخية</marc:subfield></marc:datafield><marc:datafield tag="500" ind1=" " ind2=" "><marc:subfield code="a">نبذة من سيرة المؤلف : مؤرخ، جغرافي ورائد نظرية الانحراف الوراثي. من أشهر العلماء العرب. والمعروف بهيرودوتس العرب. أبو الحسن علي بن الحسين بن علي المسعودي. وكنيته أبو الحسن، ولقبه قطب الدين، وهو من ذرية عبد الله بن مسعود، وقد ورد ذلك في كتابه مروج الذهب والتنبيه والاشراف يذكر به أهمية العراق وبغداد كونها مسقط رأسة بينما ورد في الفهرس لابن النديم أنه من أهالي المغرب  .عالم فلك وجغرافيا. ولد ببغداد وتعلم بها، وكان كثير الأسفار وقد زار بلاد فارس[؟] والهند وسيلان وأصقاع بحر قزوين والسودان وجنوب شبه الجزيرة العربية وبلاد الشام والروم . وانتهي به المطاف إلى فسطاط مصر،  وتوفي بالفسطاط. وصف المسعودي الزلزال في كتابه: &quot;مروج الذهب&quot; ووصف فيه البحر الميت، وطواحين الريح الأولي وربما كانت هذه الطواحين من مبتكرات الشعوب الإسلامية وقد عد العاِلـم كرامز ما كتبه المسعودي في كتابه هذا، عن الكائنات الحية أصلا لنظرية التطور. وقد أشار المسعودي في هذا الكتاب إلى الانحراف الوراثي في الحمضيات، أثناء عملية النقل لها من السند إلى مصر، وسجل هذا الانحراف على أصناف من الليمون. ويعتبر من أهم الرحالة وقد قدم معلومات أنثروبولوجية قيمة عن شعوب المناطق التي زارها فذكر أجناسهم وصفاتهم الجسمية وعاداتهم وتقاليدهم والحرف والمأكل والملبس والمأوى لكل شعب من الشعوب أما في كتابه التنبيه والاشراف فقد سبق علماء الغرب بذكره أثر البيئة والمناخ على الإنسان وهو كأغلب الجغرافيين العرب تأثر بفكرة الأقاليم السبعة متاثرًا  باليونانين  والفرس.</marc:subfield></marc:datafield><marc:datafield tag="500" ind1=" " ind2=" "><marc:subfield code="a">حالة المجلد الأول المادية : يحتاج إلى صيانة. الورق أصفر.</marc:subfield></marc:datafield><marc:datafield tag="500" ind1=" " ind2=" "><marc:subfield code="a">توجد خطوط بقلم رصاص تحت بعض الأسطر من الكتاب.</marc:subfield></marc:datafield><marc:datafield tag="520" ind1=" " ind2=" "><marc:subfield code="a">مروج الذهب ومعادن الجوهر كتاب في التاريخ ، يبدأ بالخليقة وينتهي بعهد الخليفة العباسي المطيع لله 973.  أَّوله: (الحمد لله أهل الحمد، ومستوجب الثناء والمجد ... الخ) . ذكر فيه: أنه صنف أولًا، كتابًا كبيرًا. سَّماه: (أخبار الزمان) . ثم اختصره. وسَّماه: (الأوسط). ثم أراد إجمال ما بسطه، واختصار ما وسطه في هذا الكتاب. وقال: نودعه ُلَمع ما في ذينك الكتابين، مما ضمناهما، وغير ذلك من أنواع العلوم، وأخبار الأمم. ثم قال: كنا قد أتينا على جميع تسمية أهل الأعصار، من رواة حملة الآثار، ونقلة السير والأخبار، وطبقات أهل العلم من عصر الصحابة. ثم من تلاهم: إلى سنة 332، اثنتين وثلاثين وثلاثمائة. في كتابنا: (أخبار الزمان) . وفي: (الأوسط) . وقد وسمت كتابي هذا بكتاب: (مروج الذهب) . لنفاسة ما حواه. وجعلته: (تحفة الأشراف) . لما قد ضمنته من جمل ما تدعو الحاجة إليه، وتنازع النفوس إلى علمه. ولم نترك نوعا من العلوم، ولا فنا من الأخبار، إلا أوردناه فيه: مفصلا، أو مجملا. فمن حرف شيئا من معناه، أو أزال ركنا من مبناه، أو طمس واضحة من معالمه، أو لبس شيئا من تراجمه، أو غيره، أو بدله، أو انتخبه، أو اختصره، أو نسبه إلى غيرنا، أو أضافه إلى سوانا، فوافاه من غضب الله، ووقوع نقمه، وقوادح بلاياه، ما يعجز عنه صبره، ويحار فكره، وجعله مثلة للعالمين، وعبرة للمعتبرين، وآية للمتوسمين، وسلبه الله - تعالى - ما أعطاه، وحال بينه وبين ما أنعم به عليه من قوة، ونعمة مبتدع السموات والأرض، من أي ملل كان، إنه على كل شيء قدير. جعلت هذا التخويف، في أول كتابي، وآخره، ليكون رادعا لمن ميله هوى، أو غلبه شقاء، فليراقب أمر ربه، وليحاذر سوء منقلبه، فالمدة يسيرة، والمسافة قصيرة،</marc:subfield></marc:datafield><marc:datafield tag="541" ind1=" " ind2=" "><marc:subfield code="a">هدية سمو الشيخ فالح بن ناصر آل ثاني إلى مكتبة مركز الوثائق والدراسات أبو ظبي</marc:subfield></marc:datafield><marc:datafield tag="650" ind1=" " ind2="4"><marc:subfield code="a">التاريخ الإسلامي</marc:subfield></marc:datafield><marc:datafield tag="651" ind1=" " ind2="4"><marc:subfield code="a">العالم العربي</marc:subfield><marc:subfield code="x">جغرافيا</marc:subfield></marc:datafield><marc:datafield tag="650" ind1=" " ind2="4"><marc:subfield code="a">الجغرافيا</marc:subfield><marc:subfield code="y">العصور الوسطى</marc:subfield></marc:datafield><marc:datafield tag="651" ind1=" " ind2="4"><marc:subfield code="a">العالم العربي</marc:subfield><marc:subfield code="x">تاريخ</marc:subfield></marc:datafield><marc:datafield tag="651" ind1=" " ind2="4"><marc:subfield code="a">العالم الإسلامي</marc:subfield><marc:subfield code="x">تاريخ</marc:subfield></marc:datafield><marc:datafield tag="651" ind1=" " ind2="4"><marc:subfield code="a">العالم الإسلامي</marc:subfield><marc:subfield code="x">جغرافيا.</marc:subfield></marc:datafield><marc:datafield tag="651" ind1=" " ind2="4"><marc:subfield code="a">العالم</marc:subfield><marc:subfield code="x">تاريخ</marc:subfield><marc:subfield code="y">الأعمال المبكرة حتى 1800.</marc:subfield></marc:datafield><marc:datafield tag="700" ind1="2" ind2=" "><marc:subfield code="a">عبد الحميد، محمد محيي الدين</marc:subfield><marc:subfield code="e">محقق</marc:subfield></marc:datafield><marc:datafield tag="775" ind1="0" ind2=" "><marc:subfield code="a">المسعودي، أبي الحسن علي بن الحسين بن علي،</marc:subfield><marc:subfield code="d">[د. م.] : 1283 [1867]</marc:subfield><marc:subfield code="t">مروج الذهب ومعادن الجوهر /</marc:subfield></marc:datafield><marc:datafield tag="775" ind1="0" ind2=" "><marc:subfield code="a">المسعودي، أبي الحسن علي بن الحسين بن علي،</marc:subfield><marc:subfield code="d">بيروت : دار الكتب العلمية، [1982]</marc:subfield><marc:subfield code="t">مروج الذهب ومعادن الجوهر /</marc:subfield></marc:datafield><marc:datafield tag="949" ind1=" " ind2=" "><marc:subfield code="a">930.09 ك س ك ر 1938</marc:subfield><marc:subfield code="v">2</marc:subfield><marc:subfield code="w">DDC</marc:subfield><marc:subfield code="i">30018000012011</marc:subfield><marc:subfield code="u">06/22/2003</marc:subfield><marc:subfield code="d">04/26/2010</marc:subfield><marc:subfield code="n">0</marc:subfield><marc:subfield code="t">Book</marc:subfield><marc:subfield code="l">av</marc:subfield><marc:subfield code="m">MAIN</marc:subfield><marc:subfield code="x">RAR</marc:subfield></marc:datafield><marc:datafield tag="949" ind1=" " ind2=" "><marc:subfield code="a">930.09 ك س ك ر 1938</marc:subfield><marc:subfield code="v">1</marc:subfield><marc:subfield code="w">DDC</marc:subfield><marc:subfield code="i">30018000012012</marc:subfield><marc:subfield code="u">06/22/2003</marc:subfield><marc:subfield code="d">04/26/2010</marc:subfield><marc:subfield code="n">0</marc:subfield><marc:subfield code="t">Book</marc:subfield><marc:subfield code="l">av</marc:subfield><marc:subfield code="m">MAIN</marc:subfield><marc:subfield code="x">RAR</marc:subfield></marc:datafield><marc:datafield tag="949" ind1=" " ind2=" "><marc:subfield code="a">930.09 ك س ك ر 1938</marc:subfield><marc:subfield code="v">3</marc:subfield><marc:subfield code="w">DDC</marc:subfield><marc:subfield code="i">30018000012010</marc:subfield><marc:subfield code="u">06/22/2003</marc:subfield><marc:subfield code="d">04/26/2010</marc:subfield><marc:subfield code="n">0</marc:subfield><marc:subfield code="t">Book</marc:subfield><marc:subfield code="l">av</marc:subfield><marc:subfield code="m">MAIN</marc:subfield><marc:subfield code="x">RAR</marc:subfield></marc:datafield><marc:datafield tag="949" ind1=" " ind2=" "><marc:subfield code="a">930.09 ك س ك ر 1938</marc:subfield><marc:subfield code="v">4</marc:subfield><marc:subfield code="w">DDC</marc:subfield><marc:subfield code="i">30018000012009</marc:subfield><marc:subfield code="u">06/22/2003</marc:subfield><marc:subfield code="d">04/26/2010</marc:subfield><marc:subfield code="n">0</marc:subfield><marc:subfield code="t">Book</marc:subfield><marc:subfield code="l">av</marc:subfield><marc:subfield code="m">MAIN</marc:subfield><marc:subfield code="x">RAR</marc:subfield></marc:datafield></marc:record>
</marc:collection>
